<record><leader>01660cam a2200397 i 45 0</leader><controlfield tag="001">6768694</controlfield><controlfield tag="003">OCoLC</controlfield><controlfield tag="005">20150107150010.0</controlfield><controlfield tag="008">141030s2015    nyua     b    001 0 eng d</controlfield><datafield ind1=" " ind2=" " tag="015"><subfield code="a">GBB4E9699</subfield><subfield code="2">bnb</subfield></datafield><datafield ind1="7" ind2=" " tag="016"><subfield code="a">016983362</subfield><subfield code="2">Uk</subfield></datafield><datafield ind1=" " ind2=" " tag="020"><subfield code="a">9780199334599 (hbk.)</subfield></datafield><datafield ind1=" " ind2=" " tag="020"><subfield code="a">0199334595 (hbk.)</subfield></datafield><datafield ind1=" " ind2=" " tag="020"><subfield code="a">0199334587 (pbk.)</subfield></datafield><datafield ind1=" " ind2=" " tag="020"><subfield code="a">9780199334582 (pbk.)</subfield></datafield><datafield ind1=" " ind2=" " tag="035"><subfield code="a">ocn881064427</subfield></datafield><datafield ind1=" " ind2=" " tag="040"><subfield code="a">UKMGB</subfield><subfield code="b">eng</subfield><subfield code="e">rda</subfield><subfield code="c">UKMGB</subfield><subfield code="d">OCLCO</subfield><subfield code="d">YDXCP</subfield><subfield code="d">BDX</subfield><subfield code="d">AEVC</subfield></datafield><datafield ind1="0" ind2="0" tag="050"><subfield code="a">BL2747.3</subfield><subfield code="b">R835 2014</subfield></datafield><datafield ind1="0" ind2="4" tag="082"><subfield code="a">211.8</subfield><subfield code="2">23</subfield></datafield><datafield ind1=" " ind2=" " tag="090"><subfield code="a">BL 2747.3 R835 2014</subfield><subfield code="b">ARDC</subfield></datafield><datafield ind1=" " ind2=" " tag="090"><subfield code="a">211.8 RUS</subfield><subfield code="b">AEVC</subfield></datafield><datafield ind1="1" ind2=" " tag="100"><subfield code="a">Ruse, Michael,</subfield><subfield code="e">author.</subfield></datafield><datafield ind1="1" ind2="0" tag="245"><subfield code="a">Atheism :</subfield><subfield code="b">what everyone needs to know /</subfield><subfield code="c">Michael Ruse.</subfield></datafield><datafield ind1=" " ind2="1" tag="264"><subfield code="a">New York :</subfield><subfield code="b">Oxford University Press,</subfield><subfield code="c">[2015]</subfield></datafield><datafield ind1=" " ind2="4" tag="264"><subfield code="c">&#169;2015.</subfield></datafield><datafield ind1=" " ind2=" " tag="300"><subfield code="a">x, 289 pages :</subfield><subfield code="b">illustrations, </subfield><subfield code="c">21 cm</subfield></datafield><datafield ind1=" " ind2=" " tag="336"><subfield code="a">text</subfield><subfield code="2">rdacontent</subfield></datafield><datafield ind1=" " ind2=" " tag="336"><subfield code="a">still image</subfield><subfield code="2">rdacontent</subfield></datafield><datafield ind1=" " ind2=" " tag="337"><subfield code="a">unmediated</subfield><subfield code="2">rdamedia</subfield></datafield><datafield ind1=" " ind2=" " tag="338"><subfield code="a">volume</subfield><subfield code="2">rdacarrier</subfield></datafield><datafield ind1=" " ind2=" " tag="504"><subfield code="a">Includes bibliographical references (pages 255-272) and index.</subfield></datafield><datafield ind1="0" ind2=" " tag="505"><subfield code="a">From the Greeks to the Enlightenment -- From the Enlightenment to the present -- Statistics -- God and humans -- Belief -- The matter of science -- Questions for the Christian -- Are there good reasons to believe? -- Alternative religions -- Naturalistic explanations -- Is religion evil? -- The meaningful life.</subfield></datafield><datafield ind1=" " ind2=" " tag="596"><subfield code="a">3 35</subfield></datafield><datafield ind1=" " ind2="0" tag="650"><subfield code="a">Atheism.</subfield></datafield><datafield ind1=" " ind2=" " tag="926"><subfield code="a">211.8 RUS</subfield><subfield code="w">DEWEY</subfield><subfield code="c">1</subfield><subfield code="i">33862001354434</subfield><subfield code="d">3/26/2015</subfield><subfield code="e">3/18/2015</subfield><subfield code="l">ON_SHELF</subfield><subfield code="m">NORQ_MAIN</subfield><subfield code="n">1</subfield><subfield code="p">$13.68</subfield><subfield code="r">Y</subfield><subfield code="s">Y</subfield><subfield code="t">BOOK</subfield><subfield code="u">1/30/2015</subfield></datafield><datafield ind1=" " ind2=" " tag="926"><subfield code="a">BL 2747.3 R835 2014</subfield><subfield code="w">LC</subfield><subfield code="c">1</subfield><subfield code="i">30125302470207</subfield><subfield code="l">FLOOR_2</subfield><subfield code="m">RED_DEER_C</subfield><subfield code="r">Y</subfield><subfield code="s">Y</subfield><subfield code="t">BOOK</subfield><subfield code="u">3/8/2016</subfield></datafield></record>